<?xml version="1.0" encoding="UTF-8"?><collection xmlns="http://www.loc.gov/MARC21/slim"><record><leader>00367nam--2200133-i-4500</leader><controlfield tag="001">000032486</controlfield><controlfield tag="002">20161230</controlfield><controlfield tag="005">20161230201039</controlfield><controlfield tag="008">060222s1000------------r-----000-0-eng-d</controlfield><datafield ind1=" " ind2=" " tag="100"><subfield code="a">Margerie, Jean</subfield></datafield><datafield ind1=" " ind2=" " tag="245"><subfield code="a">Experiences diverses sur les atomes de sodium optiquement orientes</subfield></datafield><datafield ind1=" " ind2=" " tag="260"><subfield code="a">Paris, La Faculte Des Sciences, 1955, 80p</subfield></datafield><datafield ind1=" " ind2=" " tag="490"><subfield code="a">Memoire</subfield></datafield><datafield ind1=" " ind2=" " tag="852"><subfield code="a">20212</subfield></datafield></record></collection>